@online{mattzmsft-2023,
    author = {given-i=M, given=Mattzmsft},
    date = {2023-02-01},
    title = {Spatial mapping - Mixed Reality},
    url = {https://learn.microsoft.com/en-us/windows/mixed-reality/design/spatial-mapping},
}
